@misc{_brief_vulkan,
	title = {A {Brief} {Overview} {Of} {Vulkan} {API}},
	url = {https://www.toptal.com/api-developers/a-brief-overview-of-vulkan-api},
	abstract = {It is still too early to say whether or not Vulkan API will be a game-changer, but I think you will agree that it has plenty of potential.},
	urldate = {2017-02-20},
	journal = {Toptal Engineering Blog}
}

@misc{_lunarg_2016,
	title = {{LunarG}},
	copyright = {Creative Commons Attribution-ShareAlike License},
	url = {https://en.wikipedia.org/w/index.php?title=LunarG&oldid=740923674},
	abstract = {LunarG is a software company specializing in device driver development for video cards.},
	language = {en},
	urldate = {2017-02-20},
	journal = {Wikipedia},
	month = sep,
	year = {2016},
	note = {Page Version ID: 740923674}
}

@misc{_siggraph_2017,
	title = {{SIGGRAPH}},
	copyright = {Creative Commons Attribution-ShareAlike License},
	url = {https://en.wikipedia.org/w/index.php?title=SIGGRAPH&oldid=763095929},
	abstract = {SIGGRAPH (short for Special Interest Group on Computer GRAPHics and Interactive Techniques) is the name of the annual conference on computer graphics (CG) convened by the ACM SIGGRAPH organization. The first SIGGRAPH conference was in 1974. The conference is attended by tens of thousands of computer professionals. Past SIGGRAPH conferences have been held in Los Angeles, Dallas, New Orleans, Boston, Vancouver, and elsewhere in North America.},
	language = {en},
	urldate = {2017-02-20},
	journal = {Wikipedia},
	month = feb,
	year = {2017},
	note = {Page Version ID: 763095929}
}

@misc{_vulkan_2017,
	title = {Vulkan},
	copyright = {Creative Commons Attribution-ShareAlike License},
	url = {https://es.wikipedia.org/w/index.php?title=Vulkan&oldid=96973445},
	abstract = {Vulkan es una API multiplataforma para el desarrollo de aplicaciones con gráficos 3D. Fue anunciada por primera vez en la GDC de 2015 por el Khronos Group.   Inicialmente, fue presentada por Khronos como "la iniciativa OpenGL de próxima generación", pero luego el nombre fue descartado, quedando Vulkan como definitivo.
Vulkan está basado en Mantle, otra API de la empresa AMD, cuyo código fue cedido a Khronos con la intención de generar un estándar abierto similar a OpenGL, pero de bajo nivel.
Su principal característica es que puede aprovechar la cantidad de núcleos presentes en el procesador principal de las PC, incrementando drásticamente el rendimiento gráfico. En ese sentido, es muy similar a DirectX 12, su competidor directo, que sólo funciona en Windows 10. A diferencia de la API de Microsoft, Vulkan puede funcionar en una amplia gama de plataformas, incluyendo Windows 7, Windows 8, Windows 10, Android y Linux.},
	language = {es},
	urldate = {2017-02-20},
	journal = {Wikipedia, la enciclopedia libre},
	month = feb,
	year = {2017},
	note = {Page Version ID: 96973445}
}

@misc{_vulkan_industry,
	title = {Vulkan - {Industry} {Forged}},
	url = {https://www.khronos.org/vulkan/},
	urldate = {2017-02-20}
}

@misc{_vulkan_faq-1,
	title = {Vulkan - {Graphics} and compute belong together},
	url = {https://www.khronos.org/api/vulkan/faq/},
	urldate = {2017-02-20},
	journal = {The Khronos Group}
}

@misc{_home_brenwill,
	title = {Home « {The} {Brenwill} {Workshop} {Ltd}.},
	url = {http://brenwill.com/},
	urldate = {2017-02-20}
}

@misc{_vainglory_samsung,
	title = {Vainglory {Vox} {Lane} - {Samsung} {Galaxy} {S}7 {Edge} - {API} {Vulkan} - {YouTube}},
	url = {https://www.youtube.com/},
	abstract = {Disfruta de los vídeos y la música que te gusta, sube material original y comparte el contenido con tus amigos, tu familia y el resto del mundo en YouTube.},
	urldate = {2017-02-21}
}

@misc{_github_samples,
	title = {{GitHub} - {LunarG}/{VulkanSamples}: {Vulkan} {Samples}},
	url = {https://github.com/LunarG/VulkanSamples},
	urldate = {2017-02-21}
}

@misc{_list_2017,
	title = {List of games with {Vulkan} support},
	copyright = {Creative Commons Attribution-ShareAlike License},
	url = {https://en.wikipedia.org/w/index.php?title=List_of_games_with_Vulkan_support&oldid=766281997},
	abstract = {This is a list of games with support for the Vulkan rendering API, developed by the Khronos Group.},
	language = {en},
	urldate = {2017-02-21},
	journal = {Wikipedia},
	month = feb,
	year = {2017},
	note = {Page Version ID: 766281997}
}
